<record><leader>00000cas a22000007a 4500</leader><controlfield tag="001">14170068</controlfield><controlfield tag="008">860902d19511961nvudn ne      0    0eng d</controlfield><datafield ind1=" " ind2=" " tag="010"><subfield code="a">sn 86076369 </subfield></datafield><datafield ind1=" " ind2=" " tag="040"><subfield code="a">NNX</subfield><subfield code="b">eng</subfield><subfield code="c">NNX</subfield><subfield code="d">OCLCQ</subfield></datafield><datafield ind1=" " ind2=" " tag="042"><subfield code="a">msc</subfield></datafield><datafield ind1="0" ind2=" " tag="130"><subfield code="a">Daily times (Ely, Nev.)</subfield></datafield><datafield ind1="1" ind2="4" tag="245"><subfield code="a">The Daily times.</subfield></datafield><datafield ind1="1" ind2="3" tag="246"><subfield code="a">Daily times-Ely record</subfield></datafield><datafield ind1=" " ind2=" " tag="260"><subfield code="a">Ely, Nev. :</subfield><subfield code="b">[s.n.],</subfield><subfield code="c">1951-1961.</subfield></datafield><datafield ind1=" " ind2=" " tag="300"><subfield code="a">10 v. :</subfield><subfield code="b">ill.</subfield></datafield><datafield ind1=" " ind2=" " tag="310"><subfield code="a">Daily (except Sat., Sun., and holidays),</subfield><subfield code="b">July 3, 1961-July 14, 1961</subfield></datafield><datafield ind1=" " ind2=" " tag="321"><subfield code="a">Daily (except Sun. and holidays),</subfield><subfield code="b">Nov. 20, 1951-July 1, 1961</subfield></datafield><datafield ind1="0" ind2=" " tag="362"><subfield code="a">Vol. 32, no. 127 (Nov. 20, 1951)-v. 41, no. 346 (July 14, 1961).</subfield></datafield><datafield ind1=" " ind2=" " tag="500"><subfield code="a">Title varies slightly as: Daily times-Ely record, Nov. 21, 1951.</subfield></datafield><datafield ind1=" " ind2=" " tag="515"><subfield code="a">Frequent misnumbering.</subfield></datafield><datafield ind1=" " ind2=" " tag="752"><subfield code="a">United States</subfield><subfield code="b">Nevada</subfield><subfield code="c">White Pine</subfield><subfield code="d">Ely.</subfield></datafield><datafield ind1="0" ind2="0" tag="780"><subfield code="t">Ely daily times (1920)</subfield><subfield code="w">(DLC)sn 86076368</subfield><subfield code="w">(OCoLC)14169950</subfield></datafield><datafield ind1="0" ind2="0" tag="785"><subfield code="t">Ely daily times (1961)</subfield><subfield code="w">(DLC)sn 86076370</subfield></datafield></record>